@article{noth2006dynamic,
  title={Dynamic modeling of fixed-wing uavs},
  author={Noth, A and Bouabdallah, S and Siegwart, R},
  journal={Swiss Federal Institute of Technology, Zurich, Laboratoty Report},
  year={2006}
}
@incollection{KLANCAR2017161,
title = "Chapter 4 - Path Planning",
editor = "Gregor Klančar and Andrej Zdešar and Sašo Blažič and Igor Škrjanc",
booktitle = "Wheeled Mobile Robotics",
publisher = "Butterworth-Heinemann",
pages = "161 - 206",
year = "2017",
isbn = "978-0-12-804204-5",
doi = "https://doi.org/10.1016/B978-0-12-804204-5.00004-4",
url = "http://www.sciencedirect.com/science/article/pii/B9780128042045000044",
author = "Gregor Klančar and Andrej Zdešar and Sašo Blažič and Igor Škrjanc",
keywords = "Path planning, Configuration space, Graph presentations, Road map, Optimal search, Heuristic algorithms, Bug algorithms, Randomized algorithms"
}

@inproceedings{costa2019survey,
  title={A survey on path planning algorithms for mobile robots},
  author={Costa, M{\'a}rcia M and Silva, Manuel F},
  booktitle={2019 IEEE International Conference on Autonomous Robot Systems and Competitions (ICARSC)},
  pages={1--7},
  year={2019},
  organization={IEEE}
}

@article{duchovn2014path,
  title={Path planning with modified a star algorithm for a mobile robot},
  author={Ducho{\v{n}}, Franti{\v{s}}ek and Babinec, Andrej and Kajan, Martin and Be{\v{n}}o, Peter and Florek, Martin and Fico, Tom{\'a}{\v{s}} and Juri{\v{s}}ica, Ladislav},
  journal={Procedia Engineering},
  volume={96},
  pages={59--69},
  year={2014},
  publisher={Elsevier}
}

@inproceedings{al2015multiple,
  title={Multiple sensor fusion for mobile robot localization and navigation using the Extended Kalman Filter},
  author={Al Khatib, Ehab I and Jaradat, Mohammad A and Abdel-Hafez, Mamoun and Roigari, Milad},
  booktitle={2015 10th international symposium on mechatronics and its applications (ISMA)},
  pages={1--5},
  year={2015},
  organization={IEEE}
}


@incollection{moore2016generalized,
  title={A generalized extended kalman filter implementation for the robot operating system},
  author={Moore, Thomas and Stouch, Daniel},
  booktitle={Intelligent autonomous systems 13},
  pages={335--348},
  year={2016},
  publisher={Springer}
}

@inproceedings{zidani2015backstepping,
  title={Backstepping controller for a wheeled mobile robot},
  author={Zidani, Gh and Drid, Said and Chrifi-Alaoui, Larbi and Benmakhlouf, Abdeslam and Chaouch, Souad},
  booktitle={2015 4th International Conference on Systems and Control (ICSC)},
  pages={443--448},
  year={2015},
  organization={IEEE}
}

@inproceedings{inproceedings,
author = {Tsardoulias, Emmanouil and Petrou, Loukas and Iliakopoulou, Aikaterini and Kargakos, Andreas},
year = {2013},
month = {09},
pages = {},
title = {On Global Path Planning for Occupancy Grid Maps}
}

@article{kim2018introduction,
  title={Introduction to Kalman filter and its applications},
  author={Kim, Youngjoo and Bang, Hyochoong},
  journal={Introduction and Implementations of the Kalman Filter},
  volume={1},
  pages={1--16},
  year={2018},
  publisher={IntechOpen}
}

@online{nicholasswift,
	author = {Nicholas Swift},
	year={2017},
	title = {Easy A* (star) Pathfinding},
	url  = "https://medium.com/@nicholas.w.swift/easy-a-star-pathfinding-7e6689c7f7b2",
	addendum = "(accessed: 06.22.2021)",
	keywords = "astar"
}

@online{brilliantastar,
	author = {Brilliant.org},
	year={2016},
	title = {A* search},
	url  = "https://brilliant.org/wiki/a-star-search/",
	addendum = "(accessed: 06.22.2021)",
	keywords = "astar"
}

@online{rosabout,
	author = {ROS},
	year={2021},
	title = {About ROS},
	url  = "https://www.ros.org/about-ros/",
	addendum = "(accessed: 06.22.2021)",
	keywords = "ros"
}

@online{rosodom,
	author = {ROS},
	year={2021},
	title = "ROS Odometry",
	url  = "http://docs.ros.org/en/noetic/api/nav_msgs/html/msg/Odometry.html",
	addendum = "(accessed: 06.22.2021)",
	keywords = "ros"
}

@online{rosimu,
	author = {ROS},
	year={2021},
	title = "ROS IMU",
	url  = "http://docs.ros.org/en/melodic/api/sensor_msgs/html/msg/Imu.html",
	addendum = "(accessed: 06.22.2021)",
	keywords = "ros"
}

@online{rostwt,
	author = {ROS},
	year={2021},
	title = "ROS Twist",
	url  = "http://docs.ros.org/en/melodic/api/geometry_msgs/html/msg/Twist.html",
	addendum = "(accessed: 06.22.2021)",
	keywords = "ros"
}

@online{roslid,
	author = {ROS},
	year={2021},
	title = "ROS Laserscan",
	url  = "http://docs.ros.org/en/melodic/api/sensor_msgs/html/msg/LaserScan.html",
	addendum = "(accessed: 06.22.2021)",
	keywords = "ros"
}

@online{rosocm,
	author = {ROS},
	year={2021},
	title = "ROS Occupancy Grid Map",
	url  = "http://docs.ros.org/en/melodic/api/nav_msgs/html/msg/OccupancyGrid.html",
	addendum = "(accessed: 06.22.2021)",
	keywords = "ros"
}
